<collection xmlns="http://www.loc.gov/MARC21/slim"><record><leader>00895nam  2200277   450</leader><controlfield tag="001">887</controlfield><controlfield tag="003">http://montalegre.opacnet.com/OPAC/default.aspx?ContentAreaControl=ShowRegHoldings.ascx&amp;RegNo=16662</controlfield><datafield tag="010" ind1=" " ind2=" "><subfield code="a">972-8839-11-1</subfield></datafield><datafield tag="021" ind1=" " ind2=" "><subfield code="a">PT</subfield><subfield code="b">222323/05</subfield></datafield><datafield tag="100" ind1=" " ind2=" "><subfield code="a">20061013g20059999m  y0pory0103    ba</subfield></datafield><datafield tag="101" ind1="1" ind2=" "><subfield code="a">por</subfield><subfield code="c">eng</subfield></datafield><datafield tag="102" ind1=" " ind2=" "><subfield code="a">PT</subfield></datafield><datafield tag="105" ind1=" " ind2=" "><subfield code="a">y   z   000yy</subfield></datafield><datafield tag="106" ind1=" " ind2=" "><subfield code="a">r</subfield></datafield><datafield tag="200" ind1="1" ind2=" "><subfield code="a">&lt;A &gt;paixão de Maria Madalena</subfield><subfield code="e">A mulher que amou Jesus</subfield><subfield code="f">Margaret George</subfield><subfield code="g">trad. Paulo G. Silva</subfield></datafield><datafield tag="205" ind1=" " ind2=" "><subfield code="a">2ª ed</subfield></datafield><datafield tag="210" ind1=" " ind2=" "><subfield code="a">Parede</subfield><subfield code="c">Saída de Emergência</subfield><subfield code="d">2005-</subfield></datafield><datafield tag="215" ind1=" " ind2=" "><subfield code="a">334 pág.</subfield><subfield code="d">23 cm</subfield></datafield><datafield tag="225" ind1="2" ind2=" "><subfield code="v">1º Vol.</subfield></datafield><datafield tag="304" ind1=" " ind2=" "><subfield code="a">Tít. orig.: Mary called Magdalene</subfield></datafield><datafield tag="517" ind1="1" ind2=" "><subfield code="a">&lt; A &gt;mulher que amou Jesus</subfield></datafield><datafield tag="675" ind1=" " ind2=" "><subfield code="a">821</subfield><subfield code="v">bn</subfield><subfield code="z">por</subfield></datafield><datafield tag="700" ind1=" " ind2="1"><subfield code="a">George</subfield><subfield code="b">Margaret</subfield></datafield><datafield tag="702" ind1=" " ind2="1"><subfield code="a">Silva</subfield><subfield code="b">Paulo Gil dos Santos</subfield><subfield code="4">730</subfield></datafield><datafield tag="801" ind1=" " ind2="0"><subfield code="a">PT</subfield><subfield code="b">Biblioteca Municipal de Montalegre</subfield><subfield code="g">RPC</subfield></datafield><datafield tag="856" ind1=" " ind2=" "><subfield code="u">locateMedia.asp?cod=20060628101939&amp;ext=jpg</subfield><subfield code="z">CAPA</subfield></datafield><datafield tag="909" ind1="&#9;" ind2=" "><subfield code="a">1</subfield></datafield><datafield tag="966" ind1=" " ind2=" "><subfield code="a">0016141</subfield><subfield code="l">BMM</subfield><subfield code="s">SCG 821 GEO pai Vol.I</subfield></datafield></record></collection>